@book{Lee1981,
   author = {Lee, William Hung Kan and Lee, William Hung Kan and Lee, Xxx and Munn, RE and Stewart, SW and Stewart, SW},
   title = {Principles and applications of microearthquake networks},
   publisher = {Academic press},
   volume = {2},
   ISBN = {0120188627},
   year = {1981},
   type = {Book}
}

@article{Hayes2011,
   author = {Hayes, Gavin P and Earle, Paul S and Benz, Harley M and Wald, David J and Briggs, Richard W},
   title = {88 Hours: The US Geological Survey National Earthquake Information Center Response to the 11 March 2011 Mw 9.0 Tohoku Earthquake},
   journal = {Seismological Research Letters},
   volume = {82},
   number = {4},
   pages = {481-493},
   ISSN = {1938-2057},
   year = {2011},
   type = {Journal Article}
}

@article{Lomax2012,
   author = {Lomax, A. and Satriano, C. and Vassallo, M.},
   title = {Automatic Picker Developments and Optimization: FilterPicker--a Robust, Broadband Picker for Real-Time Seismic Monitoring and Earthquake Early Warning},
   journal = {Seismological Research Letters},
   volume = {83},
   number = {3},
   pages = {531-540},
   ISSN = {0895-0695},
   DOI = {10.1785/gssrl.83.3.531},
   url = {https://dx.doi.org/10.1785/gssrl.83.3.531},
   year = {2012},
   type = {Journal Article}
}

@techreport{Holmes2013,
   author = {Holmes, Robert R. and Jones, Lucile M. and Eidenshink, Jeffery C. and Godt, Jonathan W. and Kirby, Stephen H. and Love, Jeffrey J. and Neal, Christina A. and Plant, Nathaniel G. and Plunkett, Michael L. and Weaver, Craig S. and Wein, Anne and Perry, Suzanne C.},
   title = {U.S. Geological Survey natural hazards science strategy— Promoting the safety, security, and economic well-being of the Nation},
   number = {1383F},
   type = {Report},
   DOI = {10.3133/cir1383F},
   url = {http://pubs.er.usgs.gov/publication/cir1383F},
   year = {2013},
   type = {Report}
}

@article{Lecun2015,
   author = {Lecun, Yann and Bengio, Yoshua and Hinton, Geoffrey},
   title = {Deep learning},
   journal = {Nature},
   volume = {521},
   number = {7553},
   pages = {436-444},
   ISSN = {0028-0836},
   DOI = {10.1038/nature14539},
   url = {https://dx.doi.org/10.1038/nature14539},
   year = {2015},
   type = {Journal Article}
}

@article{Patton2016,
   author = {Patton, John M and Guy, Michelle R and Benz, Harley M and Buland, Raymond P and Erickson, Brian K and Kragness, David S},
   title = {Hydra—The National Earthquake Information Center’s 24/7 seismic monitoring, analysis, catalog production, quality analysis, and special studies tool suite},
   journal = {US Geol. Surv. Open‐File Rept. 2016‐1128},
   pages = {28},
   year = {2016},
   type = {Journal Article}
}

@article{Perol2018,
   author = {Perol, Thibaut and Gharbi, Michaël and Denolle, Marine},
   title = {Convolutional neural network for earthquake detection and location},
   journal = {Science Advances},
   volume = {4},
   number = {2},
   pages = {e1700578},
   ISSN = {2375-2548},
   DOI = {10.1126/sciadv.1700578},
   url = {https://dx.doi.org/10.1126/sciadv.1700578},
   year = {2018},
   type = {Journal Article}
}

@article{Goldberg2018,
   author = {Goldberg, D. E. and Melgar, D. and Bock, Y. and Allen, R. M.},
   title = {Geodetic Observations of Weak Determinism in Rupture Evolution of Large Earthquakes},
   journal = {Journal of Geophysical Research: Solid Earth},
   volume = {123},
   number = {11},
   pages = {9950-9962},
   ISSN = {2169-9313},
   DOI = {10.1029/2018jb015962},
   url = {https://agupubs.onlinelibrary.wiley.com/doi/abs/10.1029/2018JB015962},
   year = {2018},
   type = {Journal Article}
}


@techreport{Hayes2019sp,
   author = {Hayes, Gavin P. and Earle, Paul S. and Benz, Harley M. and Wald, David J. and Yeck, William L.},
   title = {National earthquake information center strategic plan, 2019–23},
   number = {1457},
   type = {Report},
   DOI = {10.3133/cir1457},
   url = {http://pubs.er.usgs.gov/publication/cir1457},
   year = {2019},
   type = {Report}
}

@article{Kong2019,
   author = {Kong, Qingkai and Trugman, Daniel T. and Ross, Zachary E. and Bianco, Michael J. and Meade, Brendan J. and Gerstoft, Peter},
   title = {Machine Learning in Seismology: Turning Data into Insights},
   journal = {Seismological Research Letters},
   volume = {90},
   number = {1},
   pages = {3-14},
   ISSN = {0895-0695},
   DOI = {10.1785/0220180259},
   url = {https://dx.doi.org/10.1785/0220180259},
   year = {2019},
   type = {Journal Article}
}

@article{Michael2019,
   author = {Michael, Andrew J and McBride, Sara K and Hardebeck, Jeanne L and Barall, Michael and Martinez, Eric and Page, Morgan T and van der Elst, Nicholas and Field, Edward H and Milner, Kevin R and Wein, Anne M},
   title = {Statistical Seismology and Communication of the USGS Operational Aftershock Forecasts for the 30 November 2018 M w 7.1 Anchorage, Alaska, Earthquake},
   journal = {Seismological Research Letters},
   ISSN = {0895-0695},
   year = {2019},
   type = {Journal Article}
}

@article{Mousavi2019,
   author = {Mousavi, S. Mostafa and Zhu, Weiqiang and Sheng, Yixiao and Beroza, Gregory C.},
   title = {CRED: A Deep Residual Network of Convolutional and Recurrent Units for Earthquake Signal Detection},
   journal = {Scientific Reports},
   volume = {9},
   number = {1},
   ISSN = {2045-2322},
   DOI = {10.1038/s41598-019-45748-1},
   url = {https://dx.doi.org/10.1038/s41598-019-45748-1},
   year = {2019},
   type = {Journal Article}
}


@article{Ross2019b,
   author = {Ross, Zachary E. and Idini, Benjamín and Jia, Zhe and Stephenson, Oliver L. and Zhong, Minyan and Wang, Xin and Zhan, Zhongwen and Simons, Mark and Fielding, Eric J. and Yun, Sang-Ho and Hauksson, Egill and Moore, Angelyn W. and Liu, Zhen and Jung, Jungkyo},
   title = {Hierarchical interlocked orthogonal faulting in the 2019 Ridgecrest earthquake sequence},
   journal = {Science},
   volume = {366},
   number = {6463},
   pages = {346-351},
   ISSN = {0036-8075},
   DOI = {10.1126/science.aaz0109},
   url = {https://dx.doi.org/10.1126/science.aaz0109},
   year = {2019},
   type = {Journal Article}
}

@article{Ross2018a,
   author = {Ross, Zachary E. and Meier, Men-Andrin and Hauksson, Egill},
   title = {PWave Arrival Picking and First-Motion Polarity Determination With Deep Learning},
   journal = {Journal of Geophysical Research: Solid Earth},
   volume = {123},
   number = {6},
   pages = {5120-5129},
   ISSN = {2169-9313},
   DOI = {10.1029/2017jb015251},
   url = {https://dx.doi.org/10.1029/2017JB015251},
   year = {2018},
   type = {Journal Article}
}

@article{Ross2018b,
   author = {Ross, Zachary E. and Meier, Men‐Andrin and Hauksson, Egill and Heaton, Thomas H.},
   title = {Generalized Seismic Phase Detection with Deep Learning},
   journal = {Bulletin of the Seismological Society of America},
   volume = {108},
   number = {5A},
   pages = {2894-2901},
   ISSN = {0037-1106},
   DOI = {10.1785/0120180080},
   url = {https://dx.doi.org/10.1785/0120180080},
   year = {2018},
   type = {Journal Article}
}

@article{Ross2019a,
   author = {Ross, Zachary E. and Trugman, Daniel T. and Hauksson, Egill and Shearer, Peter M.},
   title = {Searching for hidden earthquakes in Southern California},
   journal = {Science},
   volume = {364},
   number = {6442},
   pages = {767-771},
   ISSN = {0036-8075},
   DOI = {10.1126/science.aaw6888},
   url = {https://dx.doi.org/10.1126/science.aaw6888},
   year = {2019},
   type = {Journal Article}
}

@article{Thompson2019,
   author = {Thompson, Eric M. and McBride, Sara K. and Hayes, Gavin P. and Allstadt, Kate E. and Wald, Lisa A. and Wald, David J. and Knudsen, Keith L. and Worden, C. Bruce and Marano, Kristin D. and Jibson, Randall W. and Grant, Alex R. R.},
   title = {USGS Near‐Real‐Time Products—and Their Use—for the 2018 Anchorage Earthquake},
   journal = {Seismological Research Letters},
   ISSN = {0895-0695},
   DOI = {10.1785/0220190207},
   url = {https://dx.doi.org/10.1785/0220190207},
   year = {2019},
   type = {Journal Article}
}

@article{Trugman2019,
   author = {Trugman, Daniel T. and Ross, Zachary E.},
   title = {Pervasive Foreshock Activity Across Southern California},
   journal = {Geophysical Research Letters},
   volume = {46},
   number = {15},
   pages = {8772-8781},
   ISSN = {0094-8276},
   DOI = {10.1029/2019gl083725},
   url = {https://dx.doi.org/10.1029/2019GL083725},
   year = {2019},
   type = {Journal Article}
}

@article{Yeck2019,
   author = {Yeck, William L and Patton, John M and Johnson, Caryl E and Kragness, David and Benz, Harley M and Earle, Paul S and Guy, Michelle R and Ambruz, Nicholas B},
   title = {GLASS3: A Standalone Multiscale Seismic Detection Associator},
   journal = {Bulletin of the Seismological Society of America},
   ISSN = {0037-1106},
   year = {2019},
   type = {Journal Article}
}

@article{Zhu2019a,
   author = {Zhu, Weiqiang and Beroza, Gregory C.},
   title = {PhaseNet: A Deep-Neural-Network-Based Seismic Arrival Time Picking Method},
   journal = {Geophysical Journal International},
   ISSN = {0956-540X},
   DOI = {10.1093/gji/ggy423},
   url = {https://dx.doi.org/10.1093/gji/ggy423},
   year = {2018},
   type = {Journal Article}
}

@article{Zhu2019b,
   author = {Zhu, Weiqiang and Mousavi, S. Mostafa and Beroza, Gregory C.},
   title = {Seismic Signal Denoising and Decomposition Using Deep Neural Networks},
   journal = {IEEE Transactions on Geoscience and Remote Sensing},
   volume = {57},
   number = {11},
   pages = {9476-9488},
   ISSN = {0196-2892},
   DOI = {10.1109/tgrs.2019.2926772},
   url = {https://dx.doi.org/10.1109/TGRS.2019.2926772},
   year = {2019},
   type = {Journal Article}
}
